@misc{english,
  title = {https://www.kaggle.com/datasets/rtatman/english-word-frequency?resource=download},
  url = {https://www.kaggle.com/datasets/rtatman/english-word-frequency?resource=download},
  organization = {www.kaggle.com}
}

@misc{spsspro,
  title = {https://www.spsspro.com},
  url = {https://www.spsspro.com},
  organization = {www.spsspro.com}
}